<record><leader>00000cas a2200000 a 4500</leader><controlfield tag="001">34480764</controlfield><controlfield tag="008">960328d19uu19uumiuwr ne      0    0eng c</controlfield><datafield ind1=" " ind2=" " tag="010"><subfield code="a">sn 96076512 </subfield></datafield><datafield ind1=" " ind2=" " tag="040"><subfield code="a">MHN</subfield><subfield code="b">eng</subfield><subfield code="c">MHN</subfield><subfield code="d">OCL</subfield><subfield code="d">OCLCQ</subfield><subfield code="d">OCLCO</subfield></datafield><datafield ind1="1" ind2=" " tag="029"><subfield code="a">AU@</subfield><subfield code="b">000012367048</subfield></datafield><datafield ind1=" " ind2=" " tag="042"><subfield code="a">pcc</subfield></datafield><datafield ind1=" " ind2=" " tag="043"><subfield code="a">n-us-mi</subfield></datafield><datafield ind1="0" ind2="0" tag="245"><subfield code="a">Benzie record.</subfield></datafield><datafield ind1=" " ind2=" " tag="260"><subfield code="a">Beulah, Mich. :</subfield><subfield code="b">Record Pub. Co.</subfield></datafield><datafield ind1=" " ind2=" " tag="300"><subfield code="a">v.</subfield></datafield><datafield ind1=" " ind2=" " tag="310"><subfield code="a">Weekly</subfield></datafield><datafield ind1=" " ind2=" " tag="580"><subfield code="a">Issues published near holidays issued as separate sections of: Benzie banner, but continue to carry vol. numbering of: Benzie record.</subfield></datafield><datafield ind1=" " ind2=" " tag="580"><subfield code="a">Merged with: Benzie banner, to form: Benzie County record-banner?</subfield></datafield><datafield ind1=" " ind2=" " tag="588"><subfield code="a">Description based on: Vol. 54, no. 21 (Dec. 26, 1968).</subfield></datafield><datafield ind1=" " ind2="0" tag="651"><subfield code="a">Beulah (Mich.)</subfield><subfield code="v">Newspapers.</subfield></datafield><datafield ind1=" " ind2="0" tag="651"><subfield code="a">Benzie County (Mich.)</subfield><subfield code="v">Newspapers.</subfield></datafield><datafield ind1=" " ind2=" " tag="752"><subfield code="a">United States</subfield><subfield code="b">Michigan</subfield><subfield code="c">Benzie</subfield><subfield code="d">Beulah.</subfield></datafield><datafield ind1="1" ind2=" " tag="777"><subfield code="a">Benzie banner</subfield><subfield code="w">(DLC)sn 96076513</subfield><subfield code="w">(OCoLC)34480862</subfield></datafield><datafield ind1="1" ind2="7" tag="785"><subfield code="t">Benzie banner</subfield><subfield code="w">(DLC)sn 96076513</subfield><subfield code="w">(OCoLC)34480862</subfield></datafield><datafield ind1="1" ind2="7" tag="785"><subfield code="t">Benzie County record-banner</subfield><subfield code="w">(DLC)sn 97063269</subfield><subfield code="w">(OCoLC)&lt;new&gt;</subfield></datafield></record>